@article{saluja2006swimming,
  title={Swimming pool drownings among US residents aged 5--24 years: understanding racial/ethnic disparities},
  author={Saluja, Gitanjali and Brenner, Ruth A and Trumble, Ann C and Smith, Gordon S and Schroeder, Tom and Cox, Christopher},
  journal={American journal of public health},
  volume={96},
  number={4},
  pages={728--733},
  year={2006},
  publisher={American Public Health Association}
}

@article{fearing1947influence,
  title={Influence of the Movies on Attitudes and Behavior},
  author={Fearing, Franklin},
  journal={The ANNALS of the American Academy of Political and Social Science},
  volume={254},
  number={1},
  pages={70--79},
  year={1947},
  publisher={Sage Publications Sage CA: Thousand Oaks, CA}
}